<?xml version="1.0" encoding="UTF-8"?><collection xmlns="http://www.loc.gov/MARC21/slim"><record><leader>00350nam--2200121-i-4500</leader><controlfield tag="001">000027167</controlfield><controlfield tag="002">20161230</controlfield><controlfield tag="005">20161230201036</controlfield><controlfield tag="008">060222s1000------------r-----000-0-eng-d</controlfield><datafield ind1=" " ind2=" " tag="100"><subfield code="a">King, R.W.P., Mimno, H.R., Wing, A.H</subfield></datafield><datafield ind1=" " ind2=" " tag="245"><subfield code="a">Transmission lines, antennas and wave guide</subfield></datafield><datafield ind1=" " ind2=" " tag="260"><subfield code="a">New York, Mc.Graw-hill Book Co, Inc., 1945. Xv+347p</subfield></datafield><datafield ind1=" " ind2=" " tag="852"><subfield code="a">725</subfield></datafield></record></collection>